<?xml version="1.0" encoding="UTF-8"?><collection xmlns="http://www.loc.gov/MARC21/slim"><record><leader>00522nam--2200193-i-4500</leader><controlfield tag="001">000014804</controlfield><controlfield tag="002">20161230</controlfield><controlfield tag="005">20161230201031</controlfield><controlfield tag="008">060222s1000------------r-----000-0-ger-d</controlfield><datafield ind1=" " ind2=" " tag="040"><subfield code="a">IFIN-HH</subfield></datafield><datafield ind1=" " ind2=" " tag="041"><subfield code="a">ger</subfield></datafield><datafield ind1=" " ind2=" " tag="080"><subfield code="a">531.001</subfield></datafield><datafield ind1="1" ind2=" " tag="100"><subfield code="a">Budo, A</subfield></datafield><datafield ind1="1" ind2="0" tag="245"><subfield code="a">Theoretische mechanik</subfield><subfield code="c">A. Budo</subfield></datafield><datafield ind1=" " ind2=" " tag="260"><subfield code="a">Berlin, Veb Deutscher Verlag Der Wissenschaftt En 1964</subfield></datafield><datafield ind1=" " ind2=" " tag="300"><subfield code="a">604 P</subfield></datafield><datafield ind1=" " ind2=" " tag="490"><subfield code="a">Herausgegeben Von Robert Rompe Und Ernst Schmtzer,</subfield><subfield code="v">band 25</subfield></datafield><datafield ind1=" " ind2=" " tag="852"><subfield code="a">75429</subfield><subfield code="c">531</subfield></datafield><datafield ind1=" " ind2=" " tag="CAT"><subfield code="a">Sys</subfield><subfield code="c">20100707</subfield><subfield code="h">104703</subfield></datafield></record></collection>